@software{currentrepository,
  title        = {OCR using Domain Adaptation},
  author       = {Lianza, Franco},
  year         = 2023,
  journal      = {GitHub repository},
  publisher    = {GitHub},
  howpublished = {\url{https://github.com/flianza/ocr-using-domain-adaptation}}
}