@article{ben2006analysis,
  title     = {Analysis of Representations for Domain Adaptation},
  author    = {Ben-David, Shai and Blitzer, John and Crammer, Koby and Pereira, Fernando},
  year      = 2006,
  journal   = {Advances in Neural Information Processing Systems},
  publisher = {MIT Press},
  volume    = 19
}
@article{bolelli2019spaghetti,
  title     = {Spaghetti labeling: Directed acyclic graphs for block-based connected components labeling},
  author    = {Bolelli, Federico and Allegretti, Stefano and Baraldi, Lorenzo and Grana, Costantino},
  year      = 2019,
  journal   = {IEEE Transactions on Image Processing},
  publisher = {IEEE},
  volume    = 29,
  pages     = {1999--2012}
}
@article{bugnon2020dl4papers,
  title     = {DL4papers: a deep learning approach for the automatic interpretation of scientific articles},
  author    = {Bugnon, Leandro A and Yones, C and Raad, Jonathan and Gerard, Matias and Rubiolo, Mariano and Merino, G and Pividori, Milton and Di Persia, L and Milone, Diego H and Stegmayer, Georgina},
  year      = 2020,
  journal   = {Bioinformatics},
  publisher = {Oxford University Press},
  volume    = 36,
  number    = 11,
  pages     = {3499--3506}
}
@inproceedings{chen2019transferability,
  title        = {Transferability vs. discriminability: Batch spectral penalization for adversarial domain adaptation},
  author       = {Chen, Xinyang and Wang, Sinan and Long, Mingsheng and Wang, Jianmin},
  year         = 2019,
  booktitle    = {International conference on machine learning},
  pages        = {1081--1090},
  organization = {PMLR}
}
@inproceedings{chen2021pretrained,
  title     = {Pre-Trained Image Processing Transformer},
  author    = {Chen, Hanting and Wang, Yunhe and Guo, Tianyu and Xu, Chang and Deng, Yiping and Liu, Zhenhua and Ma, Siwei and Xu, Chunjing and Xu, Chao and Gao, Wen},
  year      = 2021,
  month     = {June},
  booktitle = {Proceedings of the IEEE/CVF Conference on Computer Vision and Pattern Recognition (CVPR)},
  pages     = {12299--12310}
}
@article{decoste2002training,
  title     = {Training invariant support vector machines},
  author    = {DeCoste, Dennis and Sch{\"o}lkopf, Bernhard},
  year      = 2002,
  journal   = {Machine learning},
  publisher = {Springer},
  volume    = 46,
  number    = 1,
  pages     = {161--190}
}
@article{devlin2018bert,
  title   = {Bert: Pre-training of deep bidirectional transformers for language understanding},
  author  = {Devlin, Jacob and Chang, Ming-Wei and Lee, Kenton and Toutanova, Kristina},
  year    = 2018,
  journal = {arXiv preprint arXiv:1810.04805}
}
@inproceedings{erhan2010does,
  title        = {Why does unsupervised pre-training help deep learning?},
  author       = {Erhan, Dumitru and Courville, Aaron and Bengio, Yoshua and Vincent, Pascal},
  year         = 2010,
  booktitle    = {Proceedings of the thirteenth international conference on artificial intelligence and statistics},
  pages        = {201--208},
  organization = {JMLR Workshop and Conference Proceedings}
}
@software{falcon2019pytorch-lightning,
  title   = {{PyTorch Lightning}},
  author  = {Falcon, William and {The PyTorch Lightning team}},
  year    = 2019,
  month   = 3,
  doi     = {10.5281/zenodo.3828935},
  url     = {https://github.com/Lightning-AI/lightning},
  license = {Apache-2.0},
  version = {1.4}
}
@article{fukushima1980neocognitron,
  title     = {Neocognitron: A self-organizing neural network model for a mechanism of pattern recognition unaffected by shift in position},
  author    = {Fukushima, Kunihiko},
  year      = 1980,
  journal   = {Biological cybernetics},
  publisher = {Springer},
  volume    = 36,
  number    = 4,
  pages     = {193--202}
}
@article{funahashi1989approximate,
  title     = {On the approximate realization of continuous mappings by neural networks},
  author    = {Funahashi, Ken-Ichi},
  year      = 1989,
  journal   = {Neural networks},
  publisher = {Elsevier},
  volume    = 2,
  number    = 3,
  pages     = {183--192}
}
@article{ganin2016domain,
  title     = {Domain-adversarial training of neural networks},
  author    = {Ganin, Yaroslav and Ustinova, Evgeniya and Ajakan, Hana and Germain, Pascal and Larochelle, Hugo and Laviolette, Fran{\c{c}}ois and Marchand, Mario and Lempitsky, Victor},
  year      = 2016,
  journal   = {The journal of machine learning research},
  publisher = {JMLR. org},
  volume    = 17,
  number    = 1,
  pages     = {2096--2030}
}
@inproceedings{girshick2014rich,
  title     = {Rich feature hierarchies for accurate object detection and semantic segmentation},
  author    = {Girshick, Ross and Donahue, Jeff and Darrell, Trevor and Malik, Jitendra},
  year      = 2014,
  booktitle = {Proceedings of the IEEE conference on computer vision and pattern recognition},
  pages     = {580--587}
}
@inproceedings{glorot2011domain,
  title     = {Domain adaptation for large-scale sentiment classification: A deep learning approach},
  author    = {Glorot, Xavier and Bordes, Antoine and Bengio, Yoshua},
  year      = 2011,
  booktitle = {ICML},
  pages     = {513--520}
}
@inproceedings{gong2013connecting,
  title        = {Connecting the dots with landmarks: Discriminatively learning domain-invariant features for unsupervised domain adaptation},
  author       = {Gong, Boqing and Grauman, Kristen and Sha, Fei},
  year         = 2013,
  booktitle    = {International conference on machine learning},
  pages        = {222--230},
  organization = {PMLR}
}
@article{goodfellow2020generative,
  title     = {Generative adversarial networks},
  author    = {Goodfellow, Ian and Pouget-Abadie, Jean and Mirza, Mehdi and Xu, Bing and Warde-Farley, David and Ozair, Sherjil and Courville, Aaron and Bengio, Yoshua},
  year      = 2020,
  journal   = {Communications of the ACM},
  publisher = {ACM New York, NY, USA},
  volume    = 63,
  number    = 11,
  pages     = {139--144}
}
@inbook{gretton2009dataset,
  title        = {Covariate shift and local learning by distribution matching},
  author       = {Gretton, A. and Smola, AJ. and Huang, J. and Schmittfull, M. and Borgwardt, KM. and Sch{\"o}lkopf, B.},
  year         = 2009,
  booktitle    = {Dataset Shift in Machine Learning},
  publisher    = {MIT Press},
  address      = {Cambridge, MA, USA},
  pages        = {131--160},
  editors      = {Qui√±onero-Candela, J., Sugiyama, M., Schwaighofer, A. and Lawrence, N. D.},
  organization = {Max-Planck-Gesellschaft},
  school       = {Biologische Kybernetik}
}
@article{gretton2012kernel,
  title     = {A kernel two-sample test},
  author    = {Gretton, Arthur and Borgwardt, Karsten M and Rasch, Malte J and Sch{\"o}lkopf, Bernhard and Smola, Alexander},
  year      = 2012,
  journal   = {The Journal of Machine Learning Research},
  publisher = {JMLR. org},
  volume    = 13,
  number    = 1,
  pages     = {723--773}
}
@article{hannun2014deep,
  title   = {Deep speech: Scaling up end-to-end speech recognition},
  author  = {Hannun, Awni and Case, Carl and Casper, Jared and Catanzaro, Bryan and Diamos, Greg and Elsen, Erich and Prenger, Ryan and Satheesh, Sanjeev and Sengupta, Shubho and Coates, Adam and others},
  year    = 2014,
  journal = {arXiv preprint arXiv:1412.5567}
}
@inproceedings{he2016deep,
  title     = {Deep residual learning for image recognition},
  author    = {He, Kaiming and Zhang, Xiangyu and Ren, Shaoqing and Sun, Jian},
  year      = 2016,
  booktitle = {Proceedings of the IEEE conference on computer vision and pattern recognition},
  pages     = {770--778}
}
@book{hebb1949organization,
  title     = {The organization of behavior. A neuropsychological theory},
  author    = {Hebb, Donald Olding},
  year      = 1949,
  publisher = {Psychology press}
}
@article{howard2018universal,
  title   = {Universal language model fine-tuning for text classification},
  author  = {Howard, Jeremy and Ruder, Sebastian},
  year    = 2018,
  journal = {arXiv preprint arXiv:1801.06146}
}
@article{hubel1959receptive,
  title     = {Receptive fields of single neurones in the cat's striate cortex},
  author    = {Hubel, David H and Wiesel, Torsten N},
  year      = 1959,
  journal   = {The Journal of physiology},
  publisher = {Wiley-Blackwell},
  volume    = 148,
  number    = 3,
  pages     = 574
}
@article{hull1994database,
  title     = {A database for handwritten text recognition research},
  author    = {Hull, Jonathan J.},
  year      = 1994,
  journal   = {IEEE Transactions on pattern analysis and machine intelligence},
  publisher = {IEEE},
  volume    = 16,
  number    = 5,
  pages     = {550--554}
}
@article{jiang2022machine,
  title   = {Transferability in Deep Learning: A Survey},
  author  = {Jiang, Junguang and Shu, Yang and Wang, Jianmin and Long, Mingsheng},
  year    = 2022,
  journal = {arXiv preprint arXiv:2201.05867}
}
@inproceedings{khosla2012undoing,
  title        = {Undoing the damage of dataset bias},
  author       = {Khosla, Aditya and Zhou, Tinghui and Malisiewicz, Tomasz and Efros, Alexei A and Torralba, Antonio},
  year         = 2012,
  booktitle    = {European Conference on Computer Vision},
  pages        = {158--171},
  organization = {Springer}
}
@article{krizhevsky2017imagenet,
  title     = {Imagenet classification with deep convolutional neural networks},
  author    = {Krizhevsky, Alex and Sutskever, Ilya and Hinton, Geoffrey E},
  year      = 2017,
  journal   = {Communications of the ACM},
  publisher = {AcM New York, NY, USA},
  volume    = 60,
  number    = 6,
  pages     = {84--90}
}
@phdthesis{lamagna2016lectura,
  title     = {Lectura artificial de n{\'u}meros manuscritos en datos abiertos de elecciones legislativas en la Ciudad de Buenos Aires},
  author    = {Lamagna, Walter Marcelo},
  year      = 2016,
  publisher = {Universidad de Buenos Aires. Facultad de Ciencias Exactas y Naturales},
  school    = {Universidad de Buenos Aires. Facultad de Ciencias Exactas y Naturales},
  keywords  = {ELECCIONES; DATAMINING; GOBIERNO ABIERTO; PROCESAMIENTO DE IMAGENES; REDES NEURONALES CONVOLUCIONALES}
}
@article{lauer2007trainable,
  title     = {A trainable feature extractor for handwritten digit recognition},
  author    = {Lauer, Fabien and Suen, Ching Y and Bloch, G{\'e}rard},
  year      = 2007,
  journal   = {Pattern Recognition},
  publisher = {Elsevier},
  volume    = 40,
  number    = 6,
  pages     = {1816--1824}
}
@article{lecun1985learning,
  title   = {A Learning Procedure for Assymetric Threshold Network},
  author  = {LeCun, Yann},
  year    = 1985,
  journal = {Proceedings of Cognitiva},
  volume  = 85,
  pages   = {599--604}
}
@article{lecun1989backpropagation,
  title     = {Backpropagation applied to handwritten zip code recognition},
  author    = {LeCun, Yann and Boser, Bernhard and Denker, John S and Henderson, Donnie and Howard, Richard E and Hubbard, Wayne and Jackel, Lawrence D},
  year      = 1989,
  journal   = {Neural computation},
  publisher = {MIT Press},
  volume    = 1,
  number    = 4,
  pages     = {541--551}
}
@article{lecun1995learning,
  title   = {Learning algorithms for classification: A comparison on handwritten digit recognition},
  author  = {LeCun, Yann and Jackel, Lawrence D and Bottou, L{\'e}on and Cortes, Corinna and Denker, John S and Drucker, Harris and Guyon, Isabelle and Muller, Urs A and Sackinger, Eduard and Simard, Patrice and others},
  year    = 1995,
  journal = {Neural networks: the statistical mechanics perspective},
  volume  = 261,
  number  = 276,
  pages   = 2
}
@article{lecun1998gradient,
  title     = {Gradient-based learning applied to document recognition},
  author    = {LeCun, Yann and Bottou, L{\'e}on and Bengio, Yoshua and Haffner, Patrick},
  year      = 1998,
  journal   = {Proceedings of the IEEE},
  publisher = {Ieee},
  volume    = 86,
  number    = 11,
  pages     = {2278--2324}
}
@article{lecun2015deep,
  title     = {Deep learning},
  author    = {LeCun, Yann and Bengio, Yoshua and Hinton, Geoffrey},
  year      = 2015,
  journal   = {Nature},
  publisher = {Nature Publishing Group},
  volume    = 521,
  number    = 7553,
  pages     = {436--444}
}
@article{liu2019text,
  title   = {Text summarization with pretrained encoders},
  author  = {Liu, Yang and Lapata, Mirella},
  year    = 2019,
  journal = {arXiv preprint arXiv:1908.08345}
}
@article{mcculloch1943logical,
  title     = {A logical calculus of the ideas immanent in nervous activity},
  author    = {McCulloch, Warren S and Pitts, Walter},
  year      = 1943,
  journal   = {The bulletin of mathematical biophysics},
  publisher = {Springer},
  volume    = 5,
  number    = 4,
  pages     = {115--133}
}
@article{mcinnes2018umap,
  title   = {UMAP: Uniform manifold approximation and projection for dimension reduction},
  author  = {McInnes, Leland and Healy, John and Melville, James},
  year    = 2018,
  journal = {arXiv preprint arXiv:1802.03426}
}
@article{minsky1969perceptrons,
  title   = {An introduction to computational geometry},
  author  = {Minsky, Marvin and Papert, Seymour},
  year    = 1969,
  journal = {Cambridge tiass., HIT},
  volume  = 479,
  pages   = 480
}
@article{netzer2011reading,
  title  = {Reading digits in natural images with unsupervised feature learning},
  author = {Netzer, Yuval and Wang, Tao and Coates, Adam and Bissacco, Alessandro and Wu, Bo and Ng, Andrew Y},
  year   = 2011
}
@software{ocr-using-domain-adaptation,
  title        = {OCR using Domain Adaptation},
  author       = {Lianza, Franco},
  year         = 2023,
  journal      = {GitHub repository},
  publisher    = {GitHub},
  howpublished = {\url{https://github.com/flianza/ocr-using-domain-adaptation}}
}
@article{opencv_library,
  title                = {{The OpenCV Library}},
  author               = {Bradski, G.},
  year                 = 2000,
  journal              = {Dr. Dobb's Journal of Software Tools},
  citeulike-article-id = 2236121,
  keywords             = {bibtex-import},
  posted-at            = {2008-01-15 19:21:54},
  priority             = 4
}
@inproceedings{optuna_2019,
  title     = {Optuna: A Next-generation Hyperparameter Optimization Framework},
  author    = {Akiba, Takuya and Sano, Shotaro and Yanase, Toshihiko and Ohta, Takeru and Koyama, Masanori},
  year      = 2019,
  booktitle = {Proceedings of the 25rd {ACM} {SIGKDD} International Conference on Knowledge Discovery and Data Mining},
  pages     = {2623--2631}
}
@inproceedings{paszke2019pytorch,
  title     = {{PyTorch: An Imperative Style, High-Performance Deep Learning Library}},
  author    = {Paszke, Adam and Gross, Sam and Massa, Francisco and Lerer, Adam and Bradbury, James and Chanan, Gregory and Killeen, Trevor and Lin, Zeming and Gimelshein, Natalia and Antiga, Luca and Desmaison, Alban and Kopf, Andreas and Yang, Edward and DeVito, Zachary and Raison, Martin and Tejani, Alykhan and Chilamkurthy, Sasank and Steiner, Benoit and Fang, Lu and Bai, Junjie and Chintala, Soumith},
  year      = 2019,
  booktitle = {Advances in Neural Information Processing Systems 32},
  publisher = {Curran Associates, Inc.},
  pages     = {8024--8035},
  url       = {http://papers.neurips.cc/paper/9015-pytorch-an-imperative-style-high-performance-deep-learning-library.pdf},
  editor    = {Wallach, H. and Larochelle, H. and Beygelzimer, A. and d'Alch√©-Buc, F. and Fox, E. and Garnett, R.}
}
@book{quinonero2008dataset,
  title     = {Dataset shift in machine learning},
  author    = {Quinonero-Candela, Joaquin and Sugiyama, Masashi and Schwaighofer, Anton and Lawrence, Neil D},
  year      = 2008,
  publisher = {Mit Press}
}
@article{ramesh2022dalle2,
  title   = {Hierarchical text-conditional image generation with clip latents},
  author  = {Ramesh, Aditya and Dhariwal, Prafulla and Nichol, Alex and Chu, Casey and Chen, Mark},
  year    = 2022,
  journal = {arXiv preprint arXiv:2204.06125}
}
@article{randazzo2020self-classifying,
  title   = {Self-classifying MNIST Digits},
  author  = {Randazzo, Ettore and Mordvintsev, Alexander and Niklasson, Eyvind and Levin, Michael and Greydanus, Sam},
  year    = 2020,
  journal = {Distill},
  doi     = {10.23915/distill.00027.002},
  note    = {https://distill.pub/2020/selforg/mnist}
}
@inproceedings{redmon2016yolo,
  title     = {You only look once: Unified, real-time object detection},
  author    = {Redmon, Joseph and Divvala, Santosh and Girshick, Ross and Farhadi, Ali},
  year      = 2016,
  booktitle = {Proceedings of the IEEE conference on computer vision and pattern recognition},
  pages     = {779--788}
}
@article{reis2022data,
  title  = {Data Labeling tools for Computer Vision: a Review},
  author = {Reis, Pedro Miguel Lima de Sousa},
  year   = 2022
}
@article{rosenblatt1958perceptron,
  title     = {The perceptron: a probabilistic model for information storage and organization in the brain.},
  author    = {Rosenblatt, Frank},
  year      = 1958,
  journal   = {Psychological review},
  publisher = {American Psychological Association},
  volume    = 65,
  number    = 6,
  pages     = 386
}
@article{rumelhart1986learning,
  title     = {Learning representations by back-propagating errors},
  author    = {Rumelhart, David E and Hinton, Geoffrey E and Williams, Ronald J},
  year      = 1986,
  journal   = {Nature},
  publisher = {Nature Publishing Group},
  volume    = 323,
  number    = 6088,
  pages     = {533--536}
}
@inproceedings{sandler2018mobilenetv2,
  title     = {MobileNetV2: Inverted Residuals and Linear Bottlenecks},
  author    = {Sandler, Mark and Howard, Andrew and Zhu, Menglong and Zhmoginov, Andrey and Chen, Liang-Chieh},
  year      = 2018,
  month     = {June},
  booktitle = {Proceedings of the IEEE Conference on Computer Vision and Pattern Recognition (CVPR)},
  pages     = {4510--4520}
}
@article{silver2016mastering,
  title     = {Mastering the game of Go with deep neural networks and tree search},
  author    = {Silver, David and Huang, Aja and Maddison, Chris J and Guez, Arthur and Sifre, Laurent and Van Den Driessche, George and Schrittwieser, Julian and Antonoglou, Ioannis and Panneershelvam, Veda and Lanctot, Marc and others},
  year      = 2016,
  journal   = {nature},
  publisher = {Nature Publishing Group},
  volume    = 529,
  number    = 7587,
  pages     = {484--489}
}
@inproceedings{simonyan2014twostream,
  title     = {Two-Stream Convolutional Networks for Action Recognition in Videos},
  author    = {Simonyan, Karen and Zisserman, Andrew},
  year      = 2014,
  booktitle = {Advances in Neural Information Processing Systems},
  publisher = {Curran Associates, Inc.},
  volume    = 27,
  pages     = {568--576},
  url       = {https://proceedings.neurips.cc/paper/2014/file/00ec53c4682d36f5c4359f4ae7bd7ba1-Paper.pdf},
  editor    = {Z. Ghahramani and M. Welling and C. Cortes and N. Lawrence and K.Q. Weinberger}
}
@article{sugiyama2007direct,
  title   = {Direct importance estimation with model selection and its application to covariate shift adaptation},
  author  = {Sugiyama, Masashi and Nakajima, Shinichi and Kashima, Hisashi and Buenau, Paul and Kawanabe, Motoaki},
  year    = 2007,
  journal = {Advances in neural information processing systems},
  volume  = 20,
  pages   = {699--746}
}
@inproceedings{sutskever2013importance,
  title        = {On the importance of initialization and momentum in deep learning},
  author       = {Sutskever, Ilya and Martens, James and Dahl, George and Hinton, Geoffrey},
  year         = 2013,
  booktitle    = {International conference on machine learning},
  pages        = {1139--1147},
  organization = {PMLR}
}
@article{suzuki1985topological,
  title     = {Topological structural analysis of digitized binary images by border following},
  author    = {Suzuki, Satoshi and others},
  year      = 1985,
  journal   = {Computer vision, graphics, and image processing},
  publisher = {Elsevier},
  volume    = 30,
  number    = 1,
  pages     = {32--46}
}
@book{szeliski2010computer,
  title     = {Computer vision: algorithms and applications},
  author    = {Szeliski, Richard},
  year      = 2010,
  publisher = {Springer Science \& Business Media}
}
@dataset{tds,
  title     = {Telegram digits dataset},
  author    = {Lianza, Franco},
  year      = 2023,
  month     = may,
  publisher = {Zenodo},
  doi       = {10.5281/zenodo.8204338},
  url       = {https://doi.org/10.5281/zenodo.8204338}
}
@book{thrun1998learning,
  title     = {Learning to learn},
  author    = {Thrun, Sebastian and Pratt, Lorien},
  year      = 1998,
  publisher = {Springer}
}
@software{tllib,
  title        = {Transfer Learning Library},
  author       = {Jiang, Junguang and Shu, Yang and Long, Mingsheng},
  year         = 2020,
  journal      = {GitHub repository},
  publisher    = {GitHub},
  howpublished = {\url{https://github.com/thuml/Transfer-Learning-Library}}
}
@software{torchdrift,
  title        = {TorchDrift},
  author       = {Viehmann, Thomas and Antiga, Luca and Marcolini, Alessia},
  year         = 2021,
  journal      = {GitHub repository},
  publisher    = {GitHub},
  howpublished = {\url{https://github.com/torchdrift/torchdrift/}}
}
@inproceedings{tzeng2017adversarial,
  title     = {Adversarial Discriminative Domain Adaptation},
  author    = {Tzeng, Eric and Hoffman, Judy and Saenko, Kate and Darrell, Trevor},
  year      = 2017,
  month     = {July},
  booktitle = {Proceedings of the IEEE Conference on Computer Vision and Pattern Recognition (CVPR)},
  pages     = {7167--7176}
}
@misc{visda2017,
  title  = {VisDA: The Visual Domain Adaptation Challenge},
  author = {Xingchao Peng and Ben Usman and Neela Kaushik and Judy Hoffman and Dequan Wang and Kate Saenko},
  year   = 2017,
  eprint = {arXiv:1710.06924}
}
@article{wang2016deep,
  title   = {Deep learning for identifying metastatic breast cancer},
  author  = {Wang, Dayong and Khosla, Aditya and Gargeya, Rishab and Irshad, Humayun and Beck, Andrew H},
  year    = 2016,
  journal = {arXiv preprint arXiv:1606.05718}
}
@article{werbos1974beyond,
  title   = {Beyond regression: new tools for prediction and analysis in the behavioral sciences},
  author  = {Werbos, Paul},
  year    = 1974,
  journal = {Ph. D. dissertation, Harvard University}
}
@inproceedings{xie2017aggregated,
  title     = {Aggregated Residual Transformations for Deep Neural Networks},
  author    = {Xie, Saining and Girshick, Ross and Dollar, Piotr and Tu, Zhuowen and He, Kaiming},
  year      = 2017,
  month     = {July},
  booktitle = {Proceedings of the IEEE Conference on Computer Vision and Pattern Recognition (CVPR)},
  pages     = {1492--1500}
}
@article{xu2018unsupervised,
  title   = {Unsupervised domain adaptation: An adaptive feature norm approach},
  author  = {Xu, Ruijia and Li, Guanbin and Yang, Jihan and Lin, Liang},
  year    = 2018,
  journal = {arXiv preprint arXiv:1811.07456}
}
@inproceedings{xu2019larger,
  title     = {Larger norm more transferable: An adaptive feature norm approach for unsupervised domain adaptation},
  author    = {Xu, Ruijia and Li, Guanbin and Yang, Jihan and Lin, Liang},
  year      = 2019,
  booktitle = {Proceedings of the IEEE/CVF International Conference on Computer Vision},
  pages     = {1426--1435}
}
@article{yosinski2014transferable,
  title   = {How transferable are features in deep neural networks?},
  author  = {Yosinski, Jason and Clune, Jeff and Bengio, Yoshua and Lipson, Hod},
  year    = 2014,
  journal = {Advances in neural information processing systems},
  volume  = 27,
  pages   = {3320--3328}
}
@inproceedings{zhang2019bridging,
  title        = {Bridging theory and algorithm for domain adaptation},
  author       = {Zhang, Yuchen and Liu, Tianle and Long, Mingsheng and Jordan, Michael},
  year         = 2019,
  booktitle    = {International Conference on Machine Learning},
  pages        = {7404--7413},
  organization = {PMLR}
}
